<record><leader>00000cas a22000007a 4500</leader><controlfield tag="001">11190278</controlfield><controlfield tag="008">840924c19509999wiuwr ne      0   a0eng d</controlfield><datafield ind1=" " ind2=" " tag="010"><subfield code="a">sn 84002172 </subfield></datafield><datafield ind1=" " ind2=" " tag="040"><subfield code="a">NSD</subfield><subfield code="b">eng</subfield><subfield code="c">NSD</subfield><subfield code="d">NPV</subfield><subfield code="d">OCL</subfield><subfield code="d">OCLCQ</subfield></datafield><datafield ind1=" " ind2=" " tag="012"><subfield code="l">1</subfield><subfield code="m">1</subfield></datafield><datafield ind1="1" ind2=" " tag="022"><subfield code="a">0749-8519</subfield><subfield code="l">0749-8519</subfield><subfield code="2">1</subfield></datafield><datafield ind1=" " ind2=" " tag="032"><subfield code="a">346680</subfield><subfield code="b">USPS</subfield></datafield><datafield ind1=" " ind2=" " tag="037"><subfield code="b">Times Pub. Co., 142 North Main St., Pardeeville, WI 53954</subfield></datafield><datafield ind1=" " ind2=" " tag="042"><subfield code="a">nsdp</subfield></datafield><datafield ind1=" " ind2=" " tag="045"><subfield code="a">x5--</subfield></datafield><datafield ind1=" " ind2=" " tag="052"><subfield code="a">4123</subfield><subfield code="b">C6</subfield></datafield><datafield ind1=" " ind2="4" tag="222"><subfield code="a">The Mid-county times</subfield></datafield><datafield ind1="0" ind2="4" tag="245"><subfield code="a">The Mid-county times.</subfield></datafield><datafield ind1="1" ind2="0" tag="246"><subfield code="a">Midcounty times</subfield></datafield><datafield ind1=" " ind2=" " tag="260"><subfield code="a">Pardeeville, Wis. :</subfield><subfield code="b">Times Pub. Co.,</subfield><subfield code="c">1950-</subfield></datafield><datafield ind1=" " ind2=" " tag="300"><subfield code="a">v. :</subfield><subfield code="b">ill.</subfield></datafield><datafield ind1=" " ind2=" " tag="310"><subfield code="a">Weekly</subfield></datafield><datafield ind1="0" ind2=" " tag="362"><subfield code="a">Vol. 62, no. 1 (Jan. 5, 1950)-</subfield></datafield><datafield ind1=" " ind2=" " tag="530"><subfield code="a">Available on microfilm from The State Historical Society of Wisconsin.</subfield></datafield><datafield ind1=" " ind2=" " tag="500"><subfield code="a">Editors: R.S. Thompson, Jan. 5, 1950-June 28, 1951; R.H. Thompson, July 5, 1951-July 13, 1961; L.E. Calkins, July 20, 1961-April 4, 1963; A. Thompson, &lt;Jan. 2, 1964&gt;-June 24, 1976; P.D. Thompson, July 1, 1976-May 18, 1978; P.J. Thompson, May 25-June 29, 1978; J.T. Mickelson, July 6, 1978-May 11, 1983; S. Madsen, June 5, 1985-</subfield></datafield><datafield ind1=" " ind2=" " tag="752"><subfield code="a">United States</subfield><subfield code="b">Wisconsin</subfield><subfield code="c">Columbia</subfield><subfield code="d">Pardeeville.</subfield></datafield><datafield ind1="0" ind2="0" tag="780"><subfield code="t">Pardeeville-Wyocena times and the Cambria news</subfield><subfield code="w">(DLC)sn 86086018</subfield></datafield></record>